@inproceedings{bizer_2008,
 author = {Bizer, Christian and Heath, Tom and Idehen, Kingsley and Berners-Lee, Tim},
 title = {Linked data on the web (LDOW2008)},
 booktitle = {WWW '08},
 year = {2008},
 isbn = {978-1-60558-085-2},
 pages = {1265--1266},
 location = {Beijing, China},
 doi = {http://doi.acm.org/10.1145/1367497.1367760},
 publisher = {ACM},
 address = {New York, NY, USA}
 }


@article{Bizer_2009,
  author = {Christian Bizer and Tom Heath and Tim Berners-Lee},
  interhash = {599c4dfb0c1625c0c4368a1ab8346646},
  intrahash = {c3618c9f703b8876376d3a9cde1e52e8},
  journal = {Int. J. Semantic Web Inf. Syst.},
  number = 3,
  pages = {1-22},
  title = {Linked Data - The Story So Far},
  volume = 5,
  year = 2009
}

@inproceedings{Soren_2009,
  author = {Sören Auer and Jens Lehmann and Sebastian Hellmann},
  booktitle = {ISWC},
  interhash = {9d953f7fd83decf6dd11ed55275549c1},
  intrahash = {d7b66f26a99547a3c117570aca80e4a0},
  title = {{LinkedGeoData} - Adding a Spatial Dimension to the Web of Data},
  url = {http://www.informatik.uni-leipzig.de/~auer/publication/linkedgeodata.pdf},
  year = 2009,
  keywords = {2009 event_iswc group_aksw linkedgeodata mole sys:relevantFor:bis sys:relevantFor:infai},
  description = {publications Jens Lehmann},
  biburl = {http://www.bibsonomy.org/bibtex/2d7b66f26a99547a3c117570aca80e4a0/aksw}
}

@article{Goodwin_2009,
  author = {John Goodwin and Catherine Dolbear and Glen Hart},
  journal = {Transaction in GIS},
  number = 1,
  pages = {19--30},
  title = {Geographical Linked Data: The Administrative Geography of Great Britain on the Semantic Web},
  volume = 12,
  year = 2009,
  keywords = {imported},
  month = {February}
}

@inproceedings{HausenblasHRFA09,
  author = {Michael Hausenblas and Wolfgang Halb and Yves Raimond and Lee Feigenbaum and Danny Ayers},
  booktitle = {ESWC},
  pages = {708-722},
  publisher = {Springer},
  series = {LNCS},
  title = {{SCOVO: Using Statistics on the Web of Data.}},
  volume = 5554,
  year = 2009,
  isbn = {978-3-642-02120-6},
  date = {2009-05-23}
}

@inproceedings{Villazon_2010,
  author = {Boris Villaz\'{o}n-Terrazas and Asunci\'{o}n G\'{o}mez-P\'{e}rez and Jean Paul Calbimonte},
  booktitle = {ESWC},
  publisher = {Springer},
  series = {LNCS},
  title = {{NOR$_{2}$O: a Library for Transforming Non-Ontological Resources to Ontologies}},
  volume = 5554,
  year = 2010,
  isbn = {978-3-642-02120-6}
}

@mastersthesis{Priyatna_2009,
  author = {Freddy Priyatna},
  school = {Universidad Politécnica de Madrid},
  title = {{RDF-based Access To Multiple Relational Data Sources}},
  year = 2009,
  keywords = {InformationIntegration ODEMapster thesis},
}

@incollection{Haase_2006,
  author = {Peter Haase},
  booktitle = {NeOn Deliverable},
  howpublished = {NeOn Deliverable},
  interhash = {a6123dbcec77b23390ee2bd62efdbd24},
  intrahash = {3404910b68f5aca2cc3df4553be6ffa0},
  title = {D1.1.1: Networked ontology model},
   year = {2006-12-21},
  keywords = {imported ontologies semantic semanticweb},
}
 
@inproceedings{Espinoza_08,
  author    = {Mauricio Espinoza and
               Asunci{\'o}n G{\'o}mez-P{\'e}rez and
               Eduardo Mena},
  title     = {{LabelTranslator - A Tool to Automatically Localize an Ontology}},
  booktitle = {ESWC},
  year      = {2008},
  pages     = {792-796},
}

@inproceedings{Blazquez_2009,
  author    = {Luis Manuel Vilches Bl{\'a}zquez and
               Jos{\'e} Angel Ramos Gargantilla and
               Francisco J. L{\'o}pez-Pellicer and
               Oscar Corcho and
               Javier Nogueras-Iso},
  title     = {{An Approach to Comparing Different Ontologies in the Context
               of Hydrographical Information}},
  booktitle = {IF{\&}GIS},
  year      = {2009},
  pages     = {193-207}
}

@inproceedings{suarezfigueroa_2009,
  author = {Mari Carmen Suarez-Figueroa and Asunci\'{o}n G\'{o}mez-P\'{e}rez},
  booktitle = {(S3T 2009)},
  interhash = {b5bae105344d73ac2c3bbf30152f475a},
  intrahash = {05bf6553340d973ef9982b60d0f9be39},
  title = {{NeOn Methodology for Building Ontology Networks: a Scenario-based Methodology}},
  year = 2009
}

@misc{pubby,
  author = {Richard Cyganiak and Christian Bizer},
  title = {Pubby - A Linked Data Frontend for SPARQL Endpoints},
  url = {http://www4.wiwiss.fu-berlin.de/pubby/},
  year = 2008,
  keywords = {LinkedData}
}

@inproceedings{facet,
author = {Oren, Eyal and Delbru, Renaud and Decker, Stefan},
booktitle = {ISWC},
keywords = {FacetedBrowsing RDF Visualization},
mendeley-tags = {FacetedBrowsing RDF Visualization},
pages = {559--572},
title = {{Extending faceted navigation for RDF data}},
year = {2006}
}
